@misc{ns3tut,
	title = {{ns-3 Tutorial}},
	howpublished = {\url{https://www.nsnam.org/docs/release/3.30/tutorial/singlehtml/index.html}},
	note = {Accessed: 2020-01-24}
}

@misc{nsnam,
	title = {{nsnam}},
	howpublished = {\url{nsnam.org}},
	note = {Accessed: 2020-01-25}
}

@misc{nsnamwiki,
	title = {{nsnam} Wiki},
	howpublished = {\url{https://www.nsnam.org/wiki/Main_Page}},
	note = {Accessed: 2020-01-25}
}

@misc{nsnamdocu,
	title = {{nsnam} documentation},
	howpublished = {\url{https://www.nsnam.org/documentation/}},
	note = {Accessed: 2020-01-25}
}

@misc{nsnamgit,
	title = {{nsnam} on Gitlab},
	howpublished = {\url{https://gitlab.com/nsnam}},
	note = {Accessed: 2020-01-25}
}

@misc{ns3nlte,
	title = {{ns-3 LTE Module documentation}},
	howpublished = {\url{https://www.nsnam.org/docs/models/html/lte.html}},
	note = {Accessed: 2020-04-03}
}


@TECHREPORT{sandvinereport,
	AUTHOR =        {Sandvine},
	TITLE =         {The Global Internet Phenomena Report},
	NUMBER =        {MSU-CSE-06-2},
	INSTITUTION =   {Sandvine Incorporated},
	ADDRESS =       {Fremont, California, U.S.A.},
	NOTE =          {Published Online},
	MONTH =         {October},
	YEAR  =         {2018},
	AUTHOR1_EMAIL = {kel@wondering-jons.com},
	AUTHOR1_URL =   {\url{https://www.sandvine.com/hubfs/downloads/phenomena/2018-phenomena-report.pdf}},
	PAGES =         {23},
}



@inproceedings{Fouda2014RealTimeVS,
	title={Real-Time Video Streaming over NS 3-based Emulated LTE Networks},
	author={AbdurRahman Fouda and Ahmed N. Ragab and Ali Esswie and Mohamed F. Marzban and Amr Naser and Mohamed Rehan and Ahmed Salah Ibrahim},
	year={2014}
}

@INPROCEEDINGS{6583422,
	author={J. {Prados-Garzon} and P. {Ameigeiras} and J. {Navarro-Ortiz} and J. M. {Lopez-Soler}},
	booktitle={2013 IEEE 14th International Symposium on "A World of Wireless, Mobile and Multimedia Networks" (WoWMoM)},
	title={Simulation-based performance study of YouTube service in 3G LTE},
	year={2013},
	volume={},
	number={},
	pages={1-3},
	month={June}
}

@INPROCEEDINGS{5623687,
	author={M. {Montagud} and F. {Boronat} and V. {Vidal}},
	booktitle={SoftCOM 2010, 18th International Conference on Software, Telecommunications and Computer Networks},
	title={Simulation platform for video streaming evaluation},
	year={2010},
	volume={},
	number={},
	pages={397-401},
	month={September}
}

@inproceedings{maza2016framework,
	title={A Framework for Generating HTTP Adaptive Streaming Traffic in ns-3},
	author={Maza, William David Diego},
	year={2016}
}

@ARTICLE{8329138,
	author={C. {Callegari} and R. G. {Garroppo} and S. {Giordano} and C. C. {Labrozzo} and G. {Procissi} and G. {Minissale} and S. {Topazzi}},
	journal={IEEE Access},
	title={Experimental Analysis of ViLTE Service},
	year={2018},
	volume={6},
	number={},
	pages={21129--21139},
	year={2018},
	publisher={IEEE}
}




@report{michaelng,
	author = {Michael {Ng} and Ching Ho {Weng}},
	title = {{Video Streaming over WiFi using Riverbed Modeler}},
	type = {ENSC 427 Project Report},
	institution = {Simon Fraser University},
	date = {April 2016},
	OPTlocation = {Burnaby, British Columbia, Canada},
	OPTpagetotal = {20},
	OPTurl = {http://www.sfu.ca/~chweng/ENSC427HP.html},
	OPTurldate = {26 March 2020},
}


@report{xue,
	author = {Xue {Zhenpeng}},
	title = {{Video Streaming over the 802.11g WLAN Technologies}},
	type = {ENSC 427 Project Report},
	institution = {Simon Fraser University},
	date = {April 2011},
	OPTlocation = {Burnaby, British Columbia, Canada},
	OPTpagetotal = {20},
	OPTurldate = {26 March 2020},
}


@report{arshit,
	author = {Arshit {Singh} and Don {Labayo}},
	title = {{Performance Analysis of Video Streaming over Wi-Fi and Ethernet}},
	type = {ENSC 427 Project Report},
	institution = {Simon Fraser University},
	date = {April 2015},
	OPTlocation = {Burnaby, British Columbia, Canada},
	OPTpagetotal = {16},
	OPTurl = {http://www.sfu.ca/~arshits/},
	OPTurldate ={26 March 2020}
}

@report{kim,
	author = {Jay {Kim} and Jack {Zheng} and Paniz {Bertsch}},
	title = {{Video Streaming over Wi-Fi}},
	type = {ENSC 427 Project Report},
	institution = {Simon Fraser University},
	date = {April 2015},
	OPTlocation = {Burnaby, British Columbia, Canada},
	OPTpagetotal = {16},
	OPTurl = {http://www.sfu.ca/~jwk10/},
	OPTurldate ={26 March 2020}
}


@report{amer,
	author = {Zargham {Amer} and Ritchie {Kieu} and Lei {Xiao}},
	title = {{Performance Analysis of Video Streaming over LTE using Riverbed Modeler}},
	type = {ENSC 427 Project Report},
	institution = {Simon Fraser University},
	date = {April 2016},
	OPTlocation = {Burnaby, British Columbia, Canada},
	OPTpagetotal = {20},
}

@misc{riverbed,
	title = {{Riverbed Modeler}},
	howpublished = {\url{https://cms-api.riverbed.com/portal/community_home}},
	note = {Accessed: 2020-03-26}
}


@report{calzada,
	author = {Sophia {Calzada} and Curtis {Rietchel} and Tomasz {Szajner}},
	title = {{Performance Analysis of a Wireless Home Network}},
	type = {ENSC 427 Project Report},
	institution = {Simon Fraser University},
	date = {April 2014},
	OPTlocation = {Burnaby, British Columbia, Canada},
	OPTpagetotal = {20},
	OPTurl = {http://www.sfu.ca/~ljilja/ENSC427/Spring14/Projects/team4/ENSC427_team4_report.pdf},
	OPTurldate ={26 March 2020}
}



@article{banerji2013ieee,
	title={{On IEEE 802.11: wireless LAN technology}},
	author={Sourangsu {Banerji} and Rahul Singha {Chowdhury}},
	journal={International Journal of Mobile Network Communications \& Telematics (IJMNCT)},
	year={2013},
	issue_date = {2013},
	doi = {10.5121/ijmnct.2013.3405},
	url = {https://arxiv.org/ftp/arxiv/papers/1307/1307.2661.pdf},
	volume = {3},
	publisher = {ACM}
}
